<record><leader>00000cas a2200000 a 4500</leader><controlfield tag="001">12130263</controlfield><controlfield tag="008">850607d19031909ksudr ne      0    0eng d</controlfield><datafield ind1=" " ind2=" " tag="010"><subfield code="a">sn 85030550 </subfield></datafield><datafield ind1=" " ind2=" " tag="040"><subfield code="a">KSH</subfield><subfield code="b">eng</subfield><subfield code="c">KSH</subfield><subfield code="d">NPT</subfield><subfield code="d">OCL</subfield><subfield code="d">OCLCQ</subfield></datafield><datafield ind1=" " ind2=" " tag="042"><subfield code="a">msc</subfield></datafield><datafield ind1="0" ind2=" " tag="130"><subfield code="a">Sun (Chanute, Kan.)</subfield></datafield><datafield ind1="1" ind2="4" tag="245"><subfield code="a">The sun.</subfield></datafield><datafield ind1=" " ind2=" " tag="260"><subfield code="a">Chanute, Kan. :</subfield><subfield code="b">Frederick P. Cone,</subfield><subfield code="c">1903-1909.</subfield></datafield><datafield ind1=" " ind2=" " tag="300"><subfield code="a">7 v. :</subfield><subfield code="b">ill. ;</subfield><subfield code="c">54 cm.</subfield></datafield><datafield ind1=" " ind2=" " tag="310"><subfield code="a">Daily (except Sunday)</subfield></datafield><datafield ind1="0" ind2=" " tag="362"><subfield code="a">Vol. 7, no. 124 (Apr. 2, 1903)-v. 13, no. 204 (June 30, 1909).</subfield></datafield><datafield ind1=" " ind2=" " tag="500"><subfield code="a">Published by Blakely &amp; Brinkerhoff, June 1-30, 1909.</subfield></datafield><datafield ind1=" " ind2=" " tag="580"><subfield code="a">Issued also in weekly edition called: Chanute weekly sun.</subfield></datafield><datafield ind1=" " ind2=" " tag="752"><subfield code="a">United States</subfield><subfield code="b">Kansas</subfield><subfield code="c">Neosho</subfield><subfield code="d">Chanute.</subfield></datafield><datafield ind1="1" ind2=" " tag="775"><subfield code="t">Chanute weekly sun</subfield><subfield code="w">(DLC)sn 85030570</subfield></datafield><datafield ind1="0" ind2="0" tag="780"><subfield code="t">Chanute daily sun</subfield></datafield><datafield ind1="0" ind2="7" tag="785"><subfield code="t">Chanute daily tribune (Chanute, Kan. : 1906)</subfield><subfield code="w">(DLC)sn 85030535</subfield></datafield><datafield ind1="0" ind2="7" tag="785"><subfield code="t">Chanute daily tribune and the Chanute sun</subfield><subfield code="w">(DLC)sn 85030536</subfield></datafield></record>